@techreport{Fritzson86,
  title = {Systems and Tools for Exploratory Programming Overview and Examples},
  author = {Peter Fritzson},
  year = {1986},
  number = {R-86-36},
  institution = ida,
  note = {Also presented at the Workshop on Programming Environments - Programming Paradigms, Roskilde, Denmark, October 22-24, 1986}
}
@online{GHCi-commands,
  author = {The GHC Team},
  title = "{GHCi commands}",
  year = 2015,
  url = {https://downloads.haskell.org/~ghc/latest/docs/html/users_guide/ghci-commands.html},
  urldate = {2016-04-26}
}
@book{Graham93,
 author = {Paul Graham},
 title = {On Lisp},
 year = {1993},
 isbn = {0130305529},
 publisher = {Prentice Hall},
}
@book{Noyes92,
 author = {Noyes, James L.},
 title = {Artificial Intelligence with Common Lisp: Fundamentals of Symbolic and Numeric Processing},
 year = {1992},
 isbn = {0-669-19473-5},
 publisher = {D. C. Heath and Company},
 address = {Lexington, MA, USA},
}
@incollection{Harper12,
 author = {Harper, Professor Robert},
 title = {Dynamics},
 chapter = {5},
 booktitle = {Practical Foundations for Programming Languages},
 year = {2012},
 isbn = {1107029570, 9781107029576},
 publisher = {Cambridge University Press},
 address = {New York, NY, USA},
}
@inproceedings{KatsV10,
  title = {The {Spoofax} language workbench: rules for declarative specification of languages and {IDEs}},
  author = {Lennart C. L. Kats and Eelco Visser},
  year = {2010},
  doi = {http://doi.acm.org/10.1145/1869459.1869497},
  tags = {programming languages, model-to-model transformation, workbench, semantics, rule-based, Eclipse, meta programming, model editor, graph transformation, meta-model, transformation language, architecture, reuse, model-driven development, graph-rewriting, rules, C++, code completion, code generation, model transformation, programming, language workbench, Spoofax, Meta-Environment, rewriting, parsing, meta-objects, transformation, program transformation, domain-specific language},
  researchr = {http://researchr.org/publication/KatsV10},
  cites = {0},
  citedby = {1},
  pages = {444-463},
  booktitle = {Proceedings of the 25th Annual ACM SIGPLAN Conference on Object-Oriented Programming, Systems, Languages, and Applications, OOPSLA 2010},
  editor = {William R. Cook and Siobhán Clarke and Martin C. Rinard},
  address = {Reno/Tahoe, Nevada},
  publisher = {ACM},
  isbn = {978-1-4503-0203-6},
}
@article{Plotkin04,
title = "The origins of structural operational semantics ",
journal = "The Journal of Logic and Algebraic Programming ",
volume = "60–61",
number = "",
pages = "3 - 15",
year = "2004",
issn = "1567-8326",
doi = "http://dx.doi.org/10.1016/j.jlap.2004.03.009",
url = "http://www.sciencedirect.com/science/article/pii/S1567832604000268",
author = "Gordon D Plotkin",
}
@book{Winskel93,
 author = {Glynn Winskel},
 title = {The Formal Semantics of Programming Languages: An Introduction},
 year = {1993},
 isbn = {0-262-23169-7},
 publisher = {MIT Press},
 address = {Cambridge, MA, USA},
}
@incollection{Milner97,
  title={Introduction},
  booktitle={The Definition of Standard ML: Revised},
  author={Robin Milner and Mads Tofte and Robert Harper and David MacQueen},
  isbn={9780262631815},
  lccn={gb97053933},
  chapter={1},
  year={1997},
  publisher={MIT Press}
}
@inproceedings{VerguNV15,
  title = {DynSem: A DSL for Dynamic Semantics Specification},
  author = {Vlad A. Vergu and Pierre Neron and Eelco Visser},
  year = {2015},
  doi = {10.4230/LIPIcs.RTA.2015.365},
  url = {http://dx.doi.org/10.4230/LIPIcs.RTA.2015.365},
  researchr = {http://researchr.org/publication/VerguNV15},
  cites = {0},
  citedby = {0},
  pages = {365-378},
  booktitle = {26th International Conference on Rewriting Techniques and Applications, RTA 2015, June 29 to July 1, 2015, Warsaw, Poland},
  editor = {Maribel Fernández},
  volume = {36},
  series = {LIPIcs},
  publisher = {Schloss Dagstuhl - Leibniz-Zentrum fuer Informatik},
  isbn = {978-3-939897-85-9},
}
